@manual{tsic,
  title = {TSic TM 506F/503F/501F Temperature Sensor IC},
  organization = {Inovative Sensor Technology IST AG},
  type = {Technical datasheet}
}

@manual{tsic2,
  title = {TSic TM 101/106/201/206/301/306/506 Data Sheet},
  organization = {ZMD AG},
  year = {2008},
  type = {Technical datasheet}
}
@manual{hyt,
  title = {HYGROCHIP
DIGITAL HUMIDITY SENSOR
HYT-271},
  organization = {IST AG},
  year = {2011},
  type = {Technical datasheet}
}
@manual{hyt2,
  title = {HYGROCHIP DIGITAL HUMIDITY SENSOR PROTOCOL DESCRIPTION I2C},
  organization = {IST AG},
  year = {2013},
  type = {Technical datasheet}
}
@manual{hyt3,
  title = {HYGROCHIP DIGITAL HUMIDITY SENSOR PROTOCOL DESCRIPTION I2C},
  organization = {IST AG},
  year = {2011},
  type = {Technical datasheet}
}

@manual{zac,
  title = {Tsic Temperature Sensors IC Application Notes ZACwire TM Digital Output},
  organization = {Inovative Sensor Technology IST AG},
  type = {Technical datasheet}
}

@manual{st485appnote,
  title = {AN1348 APPLICATION NOTE},
  year = {2004},
  organization = {STMicroelectronics},
  type = {Application note}
}

@manual{st485,
  title = {ST485B ST485C Low power RS-485/RS-422 transceiver},
  year = {2009},
  organization = {STMicroelectronics},
  type = {Datasheet}
}

@manual{rs485,
  title = {AN-960 APPLICATION NOTE RS-485/RS-422 Circuit Implementation Guide},
  author = {Hein Marais},
  year = {2008},
  organization = {Analog Devices},
  type = {Application note}
}

@manual{i2c,
  title = {UM10204 I2C-bus specification and user manual},
  year = {2012},
  organization = {NXP},
  type = {User manual}
}

@manual{atmega88,
  title = {8-bit Atmel Microcontroller with 4/8/16K Bytes In-System ProgrammableFlash ATmega48P/V ATmega88P/V ATmega168P/V},
  year = {2011},
  organization = {Atmel Corporation},
  note ={Rev. 8025M–AVR–6/11},
  type = {User manual}
}

@manual{atmega328,
  title = {8-bit
Microcontroller
with 4/8/16/32K
Bytes In-System
Programmable
Flash
ATmega48PA
ATmega88PA
ATmega168PA
ATmega328P},
  year = {2009},
  organization = {Atmel Corporation},
  note ={Rev. 8161D–AVR–10/09},
  type = {User manual}
}

@misc{micronet,
  title = {Microcontroller.net},
  author = {Andreas Schwarz},
  howpublished = {\url{http://www.mikrocontroller.net/articles/AVR_In_System_Programmer}},
  note = {Accessed: 2014-09-08}
}
